---
title: "References"
output: html_document
bibliography: bibliography.bib
---

@article{aceves2017accuracy,
  title={The accuracy of citizen science data: a quantitative review},
  author={Aceves-Bueno, Er{\'e}ndira and Adeleye, Adeyemi S and Feraud, Marina and Huang, Yuxiong and Tao, Mengya and Yang, Yi and Anderson, Sarah E},
  journal={The Bulletin of the Ecological Society of America},
  volume={98},
  number={4},
  pages={278--290},
  year={2017},
  publisher={Wiley Online Library}
}

@article{barlow2015citizen,
  title={Citizen science reveals trends in bat populations: the National Bat Monitoring Programme in Great Britain},
  author={Barlow, KE and Briggs, PA and Haysom, KA and Hutson, AM and Lechiara, NL and Racey, PA and Walsh, AL and Langton, SD},
  journal={Biological Conservation},
  volume={182},
  pages={14--26},
  year={2015},
  publisher={Elsevier}
}

@article{bird2014statistical,
  title={Statistical solutions for error and bias in global citizen science datasets},
  author={Bird, Tomas J and Bates, Amanda E and Lefcheck, Jonathan S and Hill, Nicole A and Thomson, Russell J and Edgar, Graham J and Stuart-Smith, Rick D and Wotherspoon, Simon and Krkosek, Martin and Stuart-Smith, Jemina F and others},
  journal={Biological Conservation},
  volume={173},
  pages={144--154},
  year={2014},
  publisher={Elsevier}
}

@article{beck2014spatial,
  title={Spatial bias in the GBIF database and its effect on modeling species' geographic distributions},
  author={Beck, Jan and B{\"o}ller, Marianne and Erhardt, Andreas and Schwanghart, Wolfgang},
  journal={Ecological Informatics},
  volume={19},
  pages={10--15},
  year={2014},
  publisher={Elsevier}
}

@article{boakes2010distorted,
  title={Distorted views of biodiversity: spatial and temporal bias in species occurrence data},
  author={Boakes, Elizabeth H and McGowan, Philip JK and Fuller, Richard A and Chang-qing, Ding and Clark, Natalie E and O'Connor, Kim and Mace, Georgina M},
  journal={PLoS biology},
  volume={8},
  number={6},
  pages={e1000385},
  year={2010},
  publisher={Public Library of Science}
}

@article{bonney2009citizen,
  title={Citizen science: a developing tool for expanding science knowledge and scientific literacy},
  author={Bonney, Rick and Cooper, Caren B and Dickinson, Janis and Kelling, Steve and Phillips, Tina and Rosenberg, Kenneth V and Shirk, Jennifer},
  journal={BioScience},
  volume={59},
  number={11},
  pages={977--984},
  year={2009},
  publisher={Oxford University Press}
}

@article{bonney2014next,
  title={Next steps for citizen science},
  author={Bonney, Rick and Shirk, Jennifer L and Phillips, Tina B and Wiggins, Andrea and Ballard, Heidi L and Miller-Rushing, Abraham J and Parrish, Julia K},
  journal={Science},
  volume={343},
  number={6178},
  pages={1436--1437},
  year={2014},
  publisher={American Association for the Advancement of Science}
}

@inproceedings{bowser2013using,
  title={Using gamification to inspire new citizen science volunteers},
  author={Bowser, Anne and Hansen, Derek and He, Yurong and Boston, Carol and Reid, Matthew and Gunnell, Logan and Preece, Jennifer},
  booktitle={Proceedings of the first international conference on gameful design, research, and applications},
  pages={18--25},
  year={2013},
  organization={ACM}
}

@article{callaghan2015efficacy,
  title={Efficacy of eBird data as an aid in conservation planning and monitoring},
  author={Callaghan, Corey T and Gawlik, Dale E},
  journal={Journal of Field Ornithology},
  volume={86},
  number={4},
  pages={298--304},
  year={2015},
  publisher={Wiley Online Library}
}

@article{callaghan2017assessing,
  title={Assessing the reliability of avian biodiversity measures of urban greenspaces using eBird citizen science data},
  author={Callaghan, Corey and Lyons, Mitchell and Martin, John and Major, Richard and Kingsford, Richard},
  journal={Avian Conservation and Ecology},
  volume={12},
  number={2},
  year={2017},
  publisher={The Resilience Alliance}
}

@article{chandler2017contribution,
  title={Contribution of citizen science towards international biodiversity monitoring},
  author={Chandler, Mark and See, Linda and Copas, Kyle and Bonde, Astrid MZ and L{\'o}pez, Bernat Claramunt and Danielsen, Finn and Legind, Jan Kristoffer and Masinde, Siro and Miller-Rushing, Abraham J and Newman, Greg and others},
  journal={Biological Conservation},
  volume={213},
  pages={280--294},
  year={2017},
  publisher={Elsevier}
}

@article{cohn2008citizen,
  title={Citizen science: Can volunteers do real research?},
  author={Cohn, Jeffrey P},
  journal={AIBS Bulletin},
  volume={58},
  number={3},
  pages={192--197},
  year={2008},
  publisher={American Institute of Biological Sciences}
}

@article{colwell2004interpolating,
  title={Interpolating, extrapolating, and comparing incidence-based species accumulation curves},
  author={Colwell, Robert K and Mao, Chang Xuan and Chang, Jing},
  journal={Ecology},
  volume={85},
  number={10},
  pages={2717--2727},
  year={2004},
  publisher={Wiley Online Library}
}

@article{cooper2007citizen,
  title={Citizen science as a tool for conservation in residential ecosystems},
  author={Cooper, Caren B and Dickinson, Janis and Phillips, Tina and Bonney, Rick},
  journal={Ecology and Society},
  volume={12},
  number={2},
  year={2007},
  publisher={JSTOR}
}

@article{cooper2014invisible,
  title={The invisible prevalence of citizen science in global research: migratory birds and climate change},
  author={Cooper, Caren B and Shirk, Jennifer and Zuckerberg, Benjamin},
  journal={PloS one},
  volume={9},
  number={9},
  pages={e106508},
  year={2014},
  publisher={Public Library of Science}
}

@article{courter2013weekend,
  title={Weekend bias in Citizen Science data reporting: implications for phenology studies},
  author={Courter, Jason R and Johnson, Ron J and Stuyck, Claire M and Lang, Brian A and Kaiser, Evan W},
  journal={International journal of biometeorology},
  volume={57},
  number={5},
  pages={715--720},
  year={2013},
  publisher={Springer}
}

@article{de2005effect,
  title={Effect of sampling effort and species detectability on volunteer based anuran monitoring programs},
  author={de Solla, Shane R and Shirose, Leonard J and Fernie, Kim J and Barrett, Glenn C and Brousseau, Chris S and Bishop, Christine A},
  journal={Biological Conservation},
  volume={121},
  number={4},
  pages={585--594},
  year={2005},
  publisher={Elsevier}
}

@article{dickinson2012current,
  title={The current state of citizen science as a tool for ecological research and public engagement},
  author={Dickinson, Janis L and Shirk, Jennifer and Bonter, David and Bonney, Rick and Crain, Rhiannon L and Martin, Jason and Phillips, Tina and Purcell, Karen},
  journal={Frontiers in Ecology and the Environment},
  volume={10},
  number={6},
  pages={291--297},
  year={2012},
  publisher={Wiley Online Library}
}

@article{dornelas2013quantifying,
  title={Quantifying temporal change in biodiversity: challenges and opportunities},
  author={Dornelas, Maria and Magurran, Anne E and Buckland, Stephen T and Chao, Anne and Chazdon, Robin L and Colwell, Robert K and Curtis, Tom and Gaston, Kevin J and Gotelli, Nicholas J and Kosnik, Matthew A and others},
  journal={Proceedings of the Royal Society B: Biological Sciences},
  volume={280},
  number={1750},
  pages={20121931},
  year={2013},
  publisher={The Royal Society}
}

@article{dorward2017pokemon,
  title={Pok{\'e}mon Go: benefits, costs, and lessons for the conservation movement},
  author={Dorward, Leejiah J and Mittermeier, John C and Sandbrook, Chris and Spooner, Fiona},
  journal={Conservation Letters},
  volume={10},
  number={1},
  pages={160--165},
  year={2017},
  publisher={Wiley Online Library}
}

@article{drury2019continent,
  title={Continent-scale phenotype mapping using citizen scientistsâ€™ photographs},
  author={Drury, Jonathan P and Barnes, Morgan and Finneran, Ann E and Harris, Maddie and Grether, Gregory F},
  journal={Ecography},
  year={2019},
  publisher={Wiley Online Library}
}

@article{fithian2015bias,
  title={Bias correction in species distribution models: pooling survey and collection data for multiple species},
  author={Fithian, William and Elith, Jane and Hastie, Trevor and Keith, David A},
  journal={Methods in Ecology and Evolution},
  volume={6},
  number={4},
  pages={424--438},
  year={2015},
  publisher={Wiley Online Library}
}

@article{fox2011new,
  title={A new Red List of British butterflies},
  author={Fox, Richard and Warren, Martin S and Brereton, Tom M and Roy, David B and Robinson, Anna},
  journal={Insect Conservation and Diversity},
  volume={4},
  number={3},
  pages={159--172},
  year={2011},
  publisher={Wiley Online Library}
}

@article{flemons2007web,
  title={A web-based GIS tool for exploring the world's biodiversity: The Global Biodiversity Information Facility Mapping and Analysis Portal Application (GBIF-MAPA)},
  author={Flemons, Paul and Guralnick, Robert and Krieger, Jonathan and Ranipeta, Ajay and Neufeld, David},
  journal={Ecological informatics},
  volume={2},
  number={1},
  pages={49--60},
  year={2007},
  publisher={Elsevier}
}

@article{gilfedder2019brokering,
  title={Brokering Trust in Citizen Science},
  author={Gilfedder, Mat and Robinson, Cathy J and Watson, James EM and Campbell, Thomas G and Sullivan, Brian L and Possingham, Hugh P},
  journal={Society \& Natural Resources},
  volume={32},
  number={3},
  pages={292--302},
  year={2019},
  publisher={Taylor \& Francis}
}

@article{harrison2014assessing,
  title={Assessing trends in biodiversity over space and time using the example of British breeding birds},
  author={Harrison, Philip J and Buckland, Stephen T and Yuan, Yuan and Elston, David A and Brewer, Mark J and Johnston, Alison and Pearce-Higgins, James W},
  journal={Journal of Applied Ecology},
  volume={51},
  number={6},
  pages={1650--1660},
  year={2014},
  publisher={Wiley Online Library}
}

@article{hochachka2012data,
  title={Data-intensive science applied to broad-scale citizen science},
  author={Hochachka, Wesley M and Fink, Daniel and Hutchinson, Rebecca A and Sheldon, Daniel and Wong, Weng-Keen and Kelling, Steve},
  journal={Trends in ecology \& evolution},
  volume={27},
  number={2},
  pages={130--137},
  year={2012},
  publisher={Elsevier}
}

@article{horns2018using,
  title={Using opportunistic citizen science data to estimate avian population trends},
  author={Horns, Joshua J and Adler, Frederick R and {\c{S}}ekercio{\u{g}}lu, {\c{C}}a{\u{g}}an H},
  journal={Biological conservation},
  volume={221},
  pages={151--159},
  year={2018},
  publisher={Elsevier}
}

@article{honrado2016fostering,
  title={Fostering integration between biodiversity monitoring and modelling},
  author={Honrado, Jo{\~a}o P and Pereira, Henrique M and Guisan, Antoine},
  journal={Journal of Applied Ecology},
  volume={53},
  number={5},
  pages={1299--1304},
  year={2016},
  publisher={Wiley Online Library}
}

@article{isaac2014statistics,
  title={Statistics for citizen science: extracting signals of change from noisy ecological data},
  author={Isaac, Nick JB and van Strien, Arco J and August, Tom A and de Zeeuw, Marnix P and Roy, David B},
  journal={Methods in Ecology and Evolution},
  volume={5},
  number={10},
  pages={1052--1060},
  year={2014},
  publisher={Wiley Online Library}
}

@article{johnston2018estimates,
  title={Estimates of observer expertise improve species distributions from citizen science data},
  author={Johnston, Alison and Fink, Daniel and Hochachka, Wesley M and Kelling, Steve},
  journal={Methods in Ecology and Evolution},
  volume={9},
  number={1},
  pages={88--97},
  year={2018},
  publisher={Wiley Online Library}
}

@article{jordan2011knowledge,
  title={Knowledge gain and behavioral change in citizen-science programs},
  author={Jordan, Rebecca C and Gray, Steven A and Howe, David V and Brooks, Wesley R and Ehrenfeld, Joan G},
  journal={Conservation Biology},
  volume={25},
  number={6},
  pages={1148--1154},
  year={2011},
  publisher={Wiley Online Library}
}

@article{jordan2015citizen,
  title={Citizen science as a distinct field of inquiry},
  author={Jordan, Rebecca and Crall, Alycia and Gray, Steven and Phillips, Tina and Mellor, David},
  journal={Bioscience},
  volume={65},
  number={2},
  pages={208--211},
  year={2015},
  publisher={Oxford University Press}
}

@article{kelling2015can,
  title={Can observation skills of citizen scientists be estimated using species accumulation curves?},
  author={Kelling, Steve and Johnston, Alison and Hochachka, Wesley M and Iliff, Marshall and Fink, Daniel and Gerbracht, Jeff and Lagoze, Carl and La Sorte, Frank A and Moore, Travis and Wiggins, Andrea and others},
  journal={PloS one},
  volume={10},
  number={10},
  pages={e0139600},
  year={2015},
  publisher={Public Library of Science}
}

@article{kelling2019using,
  title={Using Semistructured Surveys to Improve Citizen Science Data for Monitoring Biodiversity},
  author={Kelling, Steve and Johnston, Alison and Bonn, Aletta and Fink, Daniel and Ruiz-Gutierrez, Viviana and Bonney, Rick and Fernandez, Miguel and Hochachka, Wesley M and Julliard, Romain and Kraemer, Roland and others},
  journal={BioScience},
  volume={69},
  number={3},
  pages={170--179},
  year={2019},
  publisher={Oxford University Press}
}

@article{kelling2015taking,
  title={Taking a â€˜Big Dataâ€™approach to data quality in a citizen science project},
  author={Kelling, Steve and Fink, Daniel and La Sorte, Frank A and Johnston, Alison and Bruns, Nicholas E and Hochachka, Wesley M},
  journal={Ambio},
  volume={44},
  number={4},
  pages={601--611},
  year={2015},
  publisher={Springer}
}

@article{kery2009trend,
  title={Trend estimation in populations with imperfect detection},
  author={Kery, Marc and Dorazio, Robert M and Soldaat, Leo and Van Strien, Arco and Zuiderwijk, Annie and Royle, J Andrew},
  journal={Journal of Applied Ecology},
  volume={46},
  number={6},
  pages={1163--1172},
  year={2009},
  publisher={Wiley Online Library}
}

@article{kery2010site,
  title={Site-occupancy distribution modeling to correct population-trend estimates derived from opportunistic observations},
  author={Kery, Marc and Royle, J Andrew and Schmid, Hans and Schaub, Michael and Volet, Bernard and Haefliger, Guido and Zbinden, Niklaus},
  journal={Conservation Biology},
  volume={24},
  number={5},
  pages={1388--1397},
  year={2010},
  publisher={Wiley Online Library}
}

@article{kosmala2016assessing,
  title={Assessing data quality in citizen science},
  author={Kosmala, Margaret and Wiggins, Andrea and Swanson, Alexandra and Simmons, Brooke},
  journal={Frontiers in Ecology and the Environment},
  volume={14},
  number={10},
  pages={551--560},
  year={2016},
  publisher={Wiley Online Library}
}

@article{lindenmayer2012value,
  title={Value of long-term ecological studies},
  author={Lindenmayer, David B and Likens, Gene E and Andersen, Alan and Bowman, David and Bull, C Michael and Burns, Emma and Dickman, Chris R and Hoffmann, Ary A and Keith, David A and Liddell, Michael J and others},
  journal={Austral Ecology},
  volume={37},
  number={7},
  pages={745--757},
  year={2012},
  publisher={Wiley Online Library}
}

@article{loss2015linking,
  title={Linking place-based citizen science with large-scale conservation research: a case study of bird-building collisions and the role of professional scientists},
  author={Loss, Scott R and Loss, Sara S and Will, Tom and Marra, Peter P},
  journal={Biological Conservation},
  volume={184},
  pages={439--445},
  year={2015},
  publisher={Elsevier}
}

@article{mackenzie2002should,
  title={How should detection probability be incorporated into estimates of relative abundance?},
  author={MacKenzie, Darryl I and Kendall, William L},
  journal={Ecology},
  volume={83},
  number={9},
  pages={2387--2393},
  year={2002},
  publisher={Wiley Online Library}
}

@article{magurran2010long,
  title={Long-term datasets in biodiversity research and monitoring: assessing change in ecological communities through time},
  author={Magurran, Anne E and Baillie, Stephen R and Buckland, Stephen T and Dick, Jan McP and Elston, David A and Scott, E Marian and Smith, Rognvald I and Somerfield, Paul J and Watt, Allan D},
  journal={Trends in ecology \& evolution},
  volume={25},
  number={10},
  pages={574--582},
  year={2010},
  publisher={Elsevier}
}

@article{mair2016explaining,
  title={Explaining spatial variation in the recording effort of citizen science data across multiple taxa},
  author={Mair, Louise and Ruete, Alejandro},
  journal={PloS one},
  volume={11},
  number={1},
  pages={e0147796},
  year={2016},
  publisher={Public Library of Science}
}

@article{mckinley2017citizen,
  title={Citizen science can improve conservation science, natural resource management, and environmental protection},
  author={McKinley, Duncan C and Miller-Rushing, Abe J and Ballard, Heidi L and Bonney, Rick and Brown, Hutch and Cook-Patton, Susan C and Evans, Daniel M and French, Rebecca A and Parrish, Julia K and Phillips, Tina B and others},
  journal={Biological Conservation},
  volume={208},
  pages={15--28},
  year={2017},
  publisher={Elsevier}
}

@article{mcmahon2011improving,
  title={Improving assessment and modelling of climate change impacts on global terrestrial biodiversity},
  author={McMahon, Sean M and Harrison, Sandy P and Armbruster, W Scott and Bartlein, Patrick J and Beale, Colin M and Edwards, Mary E and Kattge, Jens and Midgley, Guy and Morin, Xavier and Prentice, I Colin},
  journal={Trends in Ecology \& Evolution},
  volume={26},
  number={5},
  pages={249--259},
  year={2011},
  publisher={Elsevier}
}

@article{nichols2000double,
  title={A double-observer approach for estimating detection probability and abundance from point counts},
  author={Nichols, James D and Hines, James E and Sauer, John R and Fallon, Frederick W and Fallon, Jane E and Heglund, Patricia J},
  journal={The Auk},
  volume={117},
  number={2},
  pages={393--408},
  year={2000},
  publisher={BioOne}
}

@article{pagel2014quantifying,
  title={Quantifying range-wide variation in population trends from local abundance surveys and widespread opportunistic occurrence records},
  author={Pagel, Joern and Anderson, Barbara J and O'Hara, Robert B and Cramer, Wolfgang and Fox, Richard and Jeltsch, Florian and Roy, David B and Thomas, Chris D and Schurr, Frank M},
  journal={Methods in Ecology and Evolution},
  volume={5},
  number={8},
  pages={751--760},
  year={2014},
  publisher={Wiley Online Library}
}

@article{parrish2018exposing,
  title={Exposing the Science in Citizen Science: Fitness to Purpose and Intentional Design},
  author={Parrish, Julia K and Burgess, Hillary and Weltzin, Jake F and Fortson, Lucy and Wiggins, Andrea and Simmons, Brooke},
  journal={Integrative and comparative biology},
  year={2018}
}


@article{pocock2018vision,
  title={A vision for global biodiversity monitoring with citizen science},
  author={Pocock, Michael JO and Chandler, Mark and Bonney, Rick and Thornhill, Ian and Albin, Anna and August, Tom and Bachman, Steven and Brown, Peter MJ and Cunha, Davi Gasparini Fernandes and Grez, Audrey and others},
  journal={Advances in Ecological Research},
  volume={59},
  pages={169--223},
  year={2018},
  publisher={Elsevier}
}

@article{pocock2017diversity,
  title={The diversity and evolution of ecological and environmental citizen science},
  author={Pocock, Michael JO and Tweddle, John C and Savage, Joanna and Robinson, Lucy D and Roy, Helen E},
  journal={PloS one},
  volume={12},
  number={4},
  pages={e0172579},
  year={2017},
  publisher={Public Library of Science}
}

@article{ponti2018getting,
  title={Getting it Right or Being Top Rank: Games in Citizen Science},
  author={Ponti, Marisa and Hillman, Thomas and Kullenberg, Christopher and Kasperowski, Dick},
  journal={Citizen Science: Theory and Practice},
  volume={3},
  number={1},
  year={2018},
  publisher={Ubiquity Press}
}

@article{prudic2017ebutterfly,
  title={eButterfly: leveraging massive online citizen science for butterfly conservation},
  author={Prudic, Kathleen L and McFarland, Kent P and Oliver, Jeffrey C and Hutchinson, Rebecca A and Long, Elizabeth C and Kerr, Jeremy T and Larriv{\'e}e, Maxim},
  journal={Insects},
  volume={8},
  number={2},
  pages={53},
  year={2017},
  publisher={Multidisciplinary Digital Publishing Institute}
}

@article{robinson2018correcting,
  title={Correcting for bias in distribution modelling for rare species using citizen science data},
  author={Robinson, Orin J and Ruiz-Gutierrez, Viviana and Fink, Daniel},
  journal={Diversity and Distributions},
  volume={24},
  number={4},
  pages={460--472},
  year={2018},
  publisher={Wiley Online Library}
}

@inproceedings{rotman2012dynamic,
  title={Dynamic changes in motivation in collaborative citizen-science projects},
  author={Rotman, Dana and Preece, Jenny and Hammock, Jen and Procita, Kezee and Hansen, Derek and Parr, Cynthia and Lewis, Darcy and Jacobs, David},
  booktitle={Proceedings of the ACM 2012 conference on computer supported cooperative work},
  pages={217--226},
  year={2012},
  organization={ACM}
}

@article{rowley2019frogid,
  title={FrodID: Citizen scientists provide validated biodiversity data on Australia's frogs},
  author={Rowley, Jodi J L and Callaghan, Corey T and Cutajar, Timothy and Portway, Christopher and Potter, Kathy and Mahony, Stephen},
  journal={Herpetological Conservation and Biology},
  volume={},
  number={},
  pages={},
  year={2019},
  publisher={}
}


@misc{scholes2008toward,
  title={Toward a global biodiversity observing system},
  author={Scholes, Robert J and Mace, Georgina M and Turner, Woody and Geller, Gary N and J{\"u}rgens, Norbert and Larigauderie, Anne and Muchoney, D and Walther, Bruno A and Mooney, HA},
  year={2008},
  publisher={American Association for the Advancement of Science}
}

@article{silvertown2009new,
  title={A new dawn for citizen science},
  author={Silvertown, Jonathan},
  journal={Trends in ecology \& evolution},
  volume={24},
  number={9},
  pages={467--471},
  year={2009},
  publisher={Elsevier}
}

@article{soroye2018opportunistic,
  title={Opportunistic citizen science data transform understanding of species distributions, phenology, and diversity gradients for global change research},
  author={Soroye, Peter and Ahmed, Najeeba and Kerr, Jeremy T},
  journal={Global Change Biology},
  year={2018},
  publisher={Wiley Online Library}
}

@article{starr2014lights,
  title={Lights, cameraâ€¦ citizen science: assessing the effectiveness of smartphone-based video training in invasive plant identification},
  author={Starr, Jared and Schweik, Charles M and Bush, Nathan and Fletcher, Lena and Finn, Jack and Fish, Jennifer and Bargeron, Charles T},
  journal={PloS one},
  volume={9},
  number={11},
  pages={e111433},
  year={2014},
  publisher={Public Library of Science}
}

@article{sullivan2009ebird,
  title={eBird: A citizen-based bird observation network in the biological sciences},
  author={Sullivan, Brian L and Wood, Christopher L and Iliff, Marshall J and Bonney, Rick E and Fink, Daniel and Kelling, Steve},
  journal={Biological Conservation},
  volume={142},
  number={10},
  pages={2282--2292},
  year={2009},
  publisher={Elsevier}
}

@article{sullivan2017using,
  title={Using open access observational data for conservation action: A case study for birds},
  author={Sullivan, Brian L and Phillips, Tina and Dayer, Ashley A and Wood, Christopher L and Farnsworth, Andrew and Iliff, Marshall J and Davies, Ian J and Wiggins, Andrea and Fink, Daniel and Hochachka, Wesley M and others},
  journal={Biological Conservation},
  volume={208},
  pages={5--14},
  year={2017},
  publisher={Elsevier}
}

@article{theobald2015global,
  title={Global change and local solutions: Tapping the unrealized potential of citizen science for biodiversity research},
  author={Theobald, Ellinore J and Ettinger, Ailene K and Burgess, Hillary K and DeBey, Lauren B and Schmidt, Natalie R and Froehlich, Halley E and Wagner, Christian and HilleRisLambers, Janneke and Tewksbury, Joshua and Harsch, MA and others},
  journal={Biological Conservation},
  volume={181},
  pages={236--244},
  year={2015},
  publisher={Elsevier}
}

@article{tulloch2013realising,
  title={Realising the full potential of citizen science monitoring programs},
  author={Tulloch, Ayesha IT and Possingham, Hugh P and Joseph, Liana N and Szabo, Judit and Martin, Tara G},
  journal={Biological Conservation},
  volume={165},
  pages={128--138},
  year={2013},
  publisher={Elsevier}
}

@article{van2018continental,
  title={A continental system for forecasting bird migration},
  author={Van Doren, Benjamin M and Horton, Kyle G},
  journal={bioRxiv},
  pages={293092},
  year={2018},
  publisher={Cold Spring Harbor Laboratory}
}

@article{van2018inaturalist,
  title={The inaturalist species classification and detection dataset},
  author={Van Horn, Grant and Mac Aodha, Oisin and Song, Yang and Cui, Yin and Sun, Chen and Shepard, Alex and Adam, Hartwig and Perona, Pietro and Belongie, Serge},
  year={2018}
}

@article{van2013occupancy,
  title={Occupancy modelling as a new approach to assess supranational trends using opportunistic data: a pilot study for the damselfly Calopteryx splendens},
  author={van Strien, Arco J and Termaat, Tim and Kalkman, Vincent and Prins, Marijn and De Knijf, Geert and Gourmand, Anne-Laure and Houard, Xavier and Nelson, Brian and Plate, Calijn and Prentice, Stephen and others},
  journal={Biodiversity and conservation},
  volume={22},
  number={3},
  pages={673--686},
  year={2013},
  publisher={Springer}
}

@article{vellend2017estimates,
  title={Estimates of local biodiversity change over time stand up to scrutiny},
  author={Vellend, Mark and Dornelas, Maria and Baeten, Lander and Beaus{\'e}jour, Robin and Brown, Carissa D and De Frenne, Pieter and Elmendorf, Sarah C and Gotelli, Nicholas J and Moyes, Faye and Myers-Smith, Isla H and others},
  journal={Ecology},
  volume={98},
  number={2},
  pages={583--590},
  year={2017},
  publisher={Wiley Online Library}
}

@article{walker2017using,
  title={Using eBird data to model population change of migratory bird species},
  author={Walker, Jacob and Taylor, Philip},
  journal={Avian Conservation and Ecology},
  volume={12},
  number={1},
  year={2017},
  publisher={The Resilience Alliance}
}

@article{ward2014understanding,
  title={Understanding sampling and taxonomic biases recorded by citizen scientists},
  author={Ward, Darren F},
  journal={Journal of insect conservation},
  volume={18},
  number={4},
  pages={753--756},
  year={2014},
  publisher={Springer}
}

@article{welvaert2016citizen,
  title={Citizen surveillance for environmental monitoring: combining the efforts of citizen science and crowdsourcing in a quantitative data framework},
  author={Welvaert, Marijke and Caley, Peter},
  journal={SpringerPlus},
  volume={5},
  number={1},
  pages={1890},
  year={2016},
  publisher={Springer}
}

@inproceedings{wiggins2011conservation,
  title={From conservation to crowdsourcing: A typology of citizen science},
  author={Wiggins, Andrea and Crowston, Kevin},
  booktitle={2011 44th Hawaii international conference on System Sciences},
  pages={1--10},
  year={2011},
  organization={IEEE}
}

@article{wilson2011modelling,
  title={Modelling distributional trends to inform conservation strategies for an endangered species},
  author={Wilson, Conor D and Roberts, Dai},
  journal={Diversity and Distributions},
  volume={17},
  number={1},
  pages={182--189},
  year={2011},
  publisher={Wiley Online Library}
}

@article{wood2011ebird,
  title={eBird: engaging birders in science and conservation},
  author={Wood, Chris and Sullivan, Brian and Iliff, Marshall and Fink, Daniel and Kelling, Steve},
  journal={PLoS biology},
  volume={9},
  number={12},
  pages={e1001220},
  year={2011},
  publisher={Public Library of Science}
}

@article{yoccoz2001monitoring,
  title={Monitoring of biological diversity in space and time},
  author={Yoccoz, Nigel G and Nichols, James D and Boulinier, Thierry},
  journal={Trends in Ecology \& Evolution},
  volume={16},
  number={8},
  pages={446--453},
  year={2001},
  publisher={Elsevier}
}
